@BOOK{Taylor,
	author = {John R. Taylor},
	title = {An Introduction to Error Analysis},
	year = {1997},
	publisher = {University Science Books},
	edition = {2nd Edition},
	place = {Sausalito, California},
	isbn = {0-935702-75-X}
}

@BOOK{Tufte2001,
	author = {Edward R. Tufte},
	title = {The Visual Display of Quantitative Information},
	publisher = {Graphics Press},
	year = {2001},
	address = {Cheshire, Connecticut},
	isbn = {0-9613921-4-2},
	Key = {Tufte}
}

@INBOOK{Lambert,
	author = {Johann Heirich Lambert},
	title = {Beyträge zum Gebrauche der Mathematik und deren Anwendung},
	pages = {45},
	crossref = {Tufte2001}
}

@BOOK{LivroAmarelo,
	author = {João J. Piacentini and Bartira C. S. Grandi and Márcia P. Hofmann and Flavio R. R. de Lima and Erika Zimmermann},
	title = {Introdução ao Laboratório de Física},
	year = {2001},
	edition = {2\textordfeminine~Edição},
	place = {Florianópolis},
	publisher = {Editora da UFSC},
}

@BOOK{LivroEAD,
	author = {José Ricardo Marinelli and Flavio Renato Ramos de Lima},
	title = {Laboratório de Física I},
	year = {2010},
	edition = {2\textordfeminine~Edição},
	place = {Florianópolis},
	publisher = {UFSC/EAD/CED/CFM},
	isbn = {978-85-8030-001-7}
}
